<?xml version="1.0" encoding="UTF-8"?><collection xmlns="http://www.loc.gov/MARC21/slim"><record><leader>00396nam--2200121-i-4500</leader><controlfield tag="001">000033016</controlfield><controlfield tag="002">20161230</controlfield><controlfield tag="005">20161230201039</controlfield><controlfield tag="008">060222s1000------------r-----000-0-eng-d</controlfield><datafield ind1=" " ind2=" " tag="100"><subfield code="a">Mihailovic, M.V., Cvelbar,F. And Hudoklin,A</subfield></datafield><datafield ind1=" " ind2=" " tag="245"><subfield code="a">Gamma-ray spectra from the radioactive capture of 14 mev neutrons by 28 s1 and 40 ca</subfield></datafield><datafield ind1=" " ind2=" " tag="260"><subfield code="a">Ljubljana, Nukleari Inst.Josef Stefan, 1967. 6p</subfield></datafield><datafield ind1=" " ind2=" " tag="852"><subfield code="a">10046</subfield></datafield></record></collection>